@inproceedings{9904386,
  author={Karakolis, Evangelos and Oikonomidis, Panagiotis Foivos and Askounis, Dimitrios},
  booktitle={2022 13th International Conference on Information, Intelligence, Systems & Applications (IISA)}, 
  title={Identifying and Addressing Ethical Challenges in Recommender Systems}, 
  year={2022},
  volume={},
  number={},
  pages={1-6},
  keywords={Ethics;Data privacy;Information filters;Artificial intelligence;Recommender systems;Digital Ethics;Recommender Systems;Ethical Data Processing;Ethical Challenges;Multi-stakeholder recommender systems},
  doi={10.1109/IISA56318.2022.9904386}}